%%%%%%%%%%%%%%%%%%%%%%%%%%%%%%%%%%%%%%%%%%%%%%%

@article{Dusek1994,
title={A numerical and theoretical study of the first Hopf bifurcation in a cylinder wake}, 
volume={264}, 
DOI={10.1017/S0022112094000583}, 
journal={Journal of Fluid Mechanics}, 
publisher={Cambridge University Press}, 
author={Du\v{s}ek, Jan and Gal, Patrice Le and Frauni�, Philippe}, 
year={1994}, 
pages={59�80}
}

%%%%%%%%%%%%%%%%%%%%%%%%%%%%%%%%%%%%%%%%%%%%%%

@ARTICLE{Benard2010,
  author={N. Benard and E. Moreau},
  title={Capabilities of the dielectric barrier discharge plasma actuator for multi-frequency excitations},
  journal={Journal of Physics D: Applied Physics},
  volume={43},
  number={14},
  pages={145201},
  url={http://stacks.iop.org/0022-3727/43/i=14/a=145201},
  year={2010}
}

%%%%%%%%%%%%%%%%%%%%%%%%%%%%%%%%%%%%%%%%%%%%%%%

@Article{Hover2001,
title={Vortex-induced vibrations of a cylinder with tripping wires}, 
volume={448}, 
DOI={10.1017/S0022112001005985}, 
journal={Journal of Fluid Mechanics}, 
publisher={Cambridge University Press}, 
author={Hover, F. S. and Tvedt, H. and Triantafyllou, M. S.}, 
year={2001}, 
pages={175�195}
}


%%%%%%%%%%%%%%%%%%%%%%%%%%%%%%%%%%%%%%%%%%%%%%%

@Article{Bearman2004,
  Title                    = {Experimental studies of passive control of vortex-induced vibration},
  Author                   = {Peter W. Bearman and Ma�a Brankovi�},
  Journal                  = {Eur. J. Mech. B/Fluids},
  Year                     = {2004},
  Month                    = {January�February},
  Number                   = {23},
  Pages                    = {9-15},
  issue                    = {1},
  Doi                      = {https://doi.org/10.1016/j.euromechflu.2003.06.002}
}

%%%%%%%%%%%%%%%%%%%%%%%%%%%%%%%%%%%%%%%%%%%%%%%

@Article{Trim2005,
  Title                    = {Experimental investigation of vortex-induced vibration of long marine risers},
  Author                   = {A. D. Trim and H. Braaten and H. Lie and M. A. Tognarelli},
  Journal                  = {Journal of Fluids and Structures},
  Year                     = {2005},
  Month                    = {November},
  issue                    = {3},
  Pages                    = {335-361},
  Volume                   = {21},
  Doi                      = {https://doi.org/10.1016/j.jfluidstructs.2005.07.014}
}

%%%%%%%%%%%%%%%%%%%%%%%%%%%%%%%%%%%%%%%%%%%%%%%

@Article{Brankovic2006,
  Title                    = {Measurements of transverse forces on circular cylinders undergoing vortex-induced vibration},
  Author                   = {M. Brankovic and P. W. Bearman},
  Journal                  = {Journal of Fluids and Structures},
  Year                     = {2006},
  Month                    = {August�October},
  issue                    = {6-7},
  Pages                    = {829-836},
  Volume                   = {22},
  Doi                      = {https://doi.org/10.1016/j.jfluidstructs.2006.04.022}
}

%%%%%%%%%%%%%%%%%%%%%%%%%%%%%%%%%%%%%%%%%%%%%%%

@Article{Korkischko2010,
  Title                    = {Experimental investigation of flow-induced vibration on isolated and tandem circular cylinders fitted with strakes},
  Author                   = {I. Korkischko and J. R. Meneghini},
  Journal                  = {Journal of Fluids and Structures},
  Year                     = {2010},
  Month                    = {May},
  issue                    = {4},
  Pages                    = {611-625},
  Volume                   = {26},
  Doi                      = {https://doi.org/10.1016/j.jfluidstructs.2010.03.001}
}

%%%%%%%%%%%%%%%%%%%%%%%%%%%%%%%%%%%%%%%%%%%%%%%

@Article{Zdravkovich1981,
  Title                    = {Review and classification of various aerodynamic and hydrodynamic means for suppressing vortex shedding},
  Author                   = {M. M. Zdravkovich},
  Journal                  = {Journal of Wind Engineering and Industrial Aerodynamics},
  Year                     = {1981},
  Month                    = {March},
  issue                    = {2},
  Pages                    = {145-189},
  Volume                   = {7},
  Doi                      = {https://doi.org/10.1016/0167-6105(81)90036-2}
}

%%%%%%%%%%%%%%%%%%%%%%%%%%%%%%%%%%%%%%%%%%%%%%%

@Article{Korkischko2012,
  Title                    = {Suppression of vortex-induced vibration using moving surface boundary-layer control},
  Author                   = {I. Korkischko and J. R. Meneghini},
  Journal                  = {Journal of Fluids and Structures},
  Year                     = {2012},
  Month                    = {October},
  Number                   = {},
  Pages                    = {259-270},
  Volume                   = {34},
  Doi                      = {https://doi.org/10.1016/j.jfluidstructs.2012.05.010}
}

%%%%%%%%%%%%%%%%%%%%%%%%%%%%%%%%%%%%%%%%%%%%%%%

@Article{Zhang2004,
  Title                    = {Closed-loop-controlled vortex shedding and vibration of a flexibly supported square cylinder under different schemes},
  Author                   = {M. Zhang and L. Cheng and Y. Zhou},
  Journal                  = {Physics of Fluids},
  Year                     = {2004},
  Month                    = {April},
  issue                    = {5},
  Pages                    = {1439-1448},
  Volume                   = {16},
  Doi                      = {https://doi.org/10.1063/1.1687413}
}

%%%%%%%%%%%%%%%%%%%%%%%%%%%%%%%%%%%%%%%%%%%%%%%

@Article{Wang2016a,
  Title                    = {Control of wakes and vortex-induced vibrations of a single circular cylinder using synthetic jets},
  Author                   = {C. Wang and H. Tang and F. Duan and S. C. M. Yu},
  Journal                  = {Journal of Fluids and Structures},
  Year                     = {2016},
  Month                    = {January},
  Number                   = {},
  Pages                    = {160-179},
  Volume                   = {60},
  Doi                      = {https://doi.org/10.1016/j.jfluidstructs.2015.11.003}
}

%%%%%%%%%%%%%%%%%%%%%%%%%%%%%%%%%%%%%%%%%%%%%%%

@ARTICLE{Chen2014,
	AUTHOR       = "W. L. Chen and H. Li and H. Hu",
	TITLE        = "An experimental study on a suction flow control method to reduce the unsteadiness of the
wind loads acting on a circular cylinder",
	JOURNAL      = "Experiments in Fluids",
	YEAR         = "2014",
	VOLUME       = "55",
	NUMBER       = "1707",
	PAGES        = "",
	MONTH        = "March",
	DOI        = "https://doi.org/10.1007/s00348-014-1707-7"
}

%%%%%%%%%%%%%%%%%%%%%%%%%%%%%%%%%%%%%%%%%%%%%%%

@ARTICLE{Skaugset2003,
	AUTHOR       = "K. B. Skaugset and C. M. Larsen",
	TITLE        = "Direct numerical simulation and experimental investigation on suppression of vortex induced vibrations of circular cylinders by radial water jets",
	JOURNAL      = "Flow, Turbulence and Combustion",
	YEAR         = "2003",
	VOLUME       = "71",
	NUMBER       = "",
	PAGES        = "35-59",
	MONTH        = "March",
	DOI          = "https://doi.org/10.1023/B:APPL.0000014924.80246.e4"
}

%%%%%%%%%%%%%%%%%%%%%%%%%%%%%%%%%%%%%%%%%%%%%%%

@ARTICLE{Wang2016b,
	AUTHOR       = "C. Wang and H. Tang and S. Yu and F. Duan",
	TITLE        = "Active control of vortex-induced vibrations of a circular cylinder using windward-suction-leeward-blowing actuation",
	JOURNAL      = "Physics of Fluids",
	YEAR         = "2016",
	VOLUME       = "28",
	NUMBER       = "053601",
	issue        = "5",
	MONTH        = "May",
	DOI          = "https://doi.org/10.1063/1.4947246"
}

%%%%%%%%%%%%%%%%%%%%%%%%%%%%%%%%%%%%%%%%%%%%%%

@ARTICLE{Du2015,
	AUTHOR       = "L. Du and X. Sun",
	TITLE        = "Suppression of vortex-induced vibration using the rotary oscillation of a cylinder",
	JOURNAL      = "Physics of Fluids",
	YEAR         = "2015",
	VOLUME       = "27",
	NUMBER       = "023603",
	issue        = "2",
	MONTH        = "February",
	DOI          = {https://doi.org/10.1063/1.4913353},
   URL = {https://doi.org/10.1063/1.4913353},
   eprint = {https://doi.org/10.1063/1.4913353}
}

%%%%%%%%%%%%%%%%%%%%%%%%%%%%%%%%%%%%%%%%%%%%%%

@ARTICLE{Xu2014,
	AUTHOR       = "F. Xu and W. L. Chen and Y. Q. Xiao and H. Li and J. P. Ou",
	TITLE        = "Numerical study on the suppression of the vortex-induced vibration of an elastically mounted cylinder by a traveling wave wall",
	JOURNAL      = "Journal of Fluids and Structures",
	YEAR         = "2014",
	VOLUME       = "44",
	NUMBER       = "",
	PAGES        = "145-165",
	MONTH        = "January",
	DOI          = "https://doi.org/10.1016/j.jfluidstructs.2013.10.005"
}

%%%%%%%%%%%%%%%%%%%%%%%%%%%%%%%%%%%%%%%%%%%%%%

@ARTICLE{Chen2005,
	AUTHOR       = "Z. Chen and N. Aubry",
	TITLE        = "Closed-loop control of vortex-induced vibration",
	JOURNAL      = "Communications in Nonlinear Science and Numerical Simulation",
	YEAR         = "2005",
	VOLUME       = "10",
	issue        = "3",
	PAGES        = "287-297",
	MONTH        = "April",
	DOI          = "https://doi.org/10.1016/S1007-5704(03)00127-8"
}

%%%%%%%%%%%%%%%%%%%%%%%%%%%%%%%%%%%%%%%%%%%%%%%

@ARTICLE{Wang2017,
	AUTHOR       = "Chenglei Wang and Hui Tang and Simon C. M. Yu and Fei Duan",
	TITLE        = "Control of vortex-induced vibration using a pair of synthetic jets: Influence of active lock-on",
	JOURNAL      = "Physics of Fluids",
	YEAR         = "2017",
	VOLUME       = "29",
	NUMBER       = "083602",
	PAGES        = "",
	MONTH        = "August",
	DOI          = "https://doi.org/10.1063/1.4996231"
}

%%%%%%%%%%%%%%%%%%%%%%%%%%%%%%%%%%%%%%%%%
@article{Barkley2006,
  author={D. Barkley},
  title={Linear analysis of the cylinder wake mean flow},
  journal={EPL (Europhysics Letters)},
  volume={75},
  number={5},
  pages={750},
  month = {July},
  url={http://stacks.iop.org/0295-5075/75/i=5/a=750},
  year={2006}
}

%%%%%%%%%%%%%%%%%%%%%%%%%%%%%%%%%%%%%%%%%%%%%%%
@article{Roth2000,
  author  = {Roth, J. Reece and Sherman, Daniel M. and Wilkinson, Stephen P.}, 
  title   = {Electrohydrodynamic Flow Control with a Glow-Discharge Surface Plasma},
  journal = {AIAA Journal},
  year    = {2000},
  number  = {7},
  pages   = {1166-1172},
  month   = {july},
  note    = {American Institute of Aeronautics and Astronautics}, 
  volume  = {38},
  doi = {https://doi.org/10.2514/2.1110}
}

%%%%%%%%%%%%%%%%%%%%%%%%%%%%%%%%%%%%%%%%%%%%%%%

@CONFERENCE{Artana1999,
	author       = {G. Artana and G. Desimone and G. Touchard}, 
	title        = {Study of the changes in the flow around a cylinder caused by electroconvection},
	BOOKTITLE    = "Electrostatics 1999",
	YEAR         = "1999",
	EDITOR       = "D. M. Taylor",
	PAGES        = "147-152",
	ORGANIZATION = "Institute of Physics Conference",
	PUBLISHER    = "Boca Raton: CRC Press",
	NOTE         = "Proceedings of the 10th International Conference, Cambridge, UK, 28-31 March 1999. SECTION C. Atomization and EHD",
	isbn         = "0 7503 0638 6",
   url          = {https://www.taylorfrancis.com/books/9780750306386} 
}

%%%%%%%%%%%%%%%%%%%%%%%%%%%%%%%%%%%%%%%%%%%%%%

@ARTICLE{Moreau2007,
  author={Eric Moreau},
  title={Airflow control by non-thermal plasma actuators},
  journal={Journal of Physics D: Applied Physics},
  volume={40},
  number={3},
  pages={605},
  url={http://stacks.iop.org/0022-3727/40/i=3/a=S01},
  year={2007}
}

%%%%%%%%%%%%%%%%%%%%%%%%%%%%%%%%%%%%%%%%%%%%%%

@ARTICLE{Corke2010,
author = {Corke, Thomas C. and Enloe, C. Lon and Wilkinson, Stephen P.},
title = {Dielectric Barrier Discharge Plasma Actuators for Flow Control},
journal = {Annual Review of Fluid Mechanics},
volume = {42},
number = {1},
pages = {505-529},
year = {2010},
doi = {10.1146/annurev-fluid-121108-145550},
URL = {https://doi.org/10.1146/annurev-fluid-121108-145550},
eprint = {https://doi.org/10.1146/annurev-fluid-121108-145550},
}

%%%%%%%%%%%%%%%%%%%%%%%%%%%%%%%%%%%%%%%%%%%%%%

@ARTICLE{Wang2013,
	AUTHOR       = "Wang, J. J. and Choi, K. S. and Feng, L. H. and Jukes, T. N. and Whalley, R. D.",
	TITLE        = "Recent developments in dbd plasma flow control",
	JOURNAL      = "Progress in Aerospace Sciences",
	YEAR         = "2013",
	VOLUME       = "62",
	NUMBER       = "",
	PAGES        = "52-78",
	MONTH        = "October",
	NOTE         = "",
	DOI          = "https://doi.org/10.1016/j.paerosci.2013.05.003"
}

%%%%%%%%%%%%%%%%%%%%%%%%%%%%%%%%%%%%%%%%%%%%%%

@ARTICLE{Sari2010,
	AUTHOR       = "Sari, Gh. and Mureithi, N. W.",
	TITLE        = "Active Control of Vortex Induced Vibration by Plasma Actuation",
	JOURNAL      = "ASME 2010 7th International Symposium on Fluid-Structure Interactions, Flow-Sound Interactions, and Flow-Induced Vibration and Noise",
	YEAR         = "2010",
	VOLUME       = "3",
	NUMBER       = "Parts A and B",
	PAGES        = "1079-1087",
	MONTH        = "August 1�5",
	DOI          = "10.1115/FEDSM-ICNMM2010-30515",
	NOTE         = "Paper No. FEDSM-ICNMM2010-30515",
	URL          = "http://proceedings.asmedigitalcollection.asme.org/proceeding.aspx?articleid=1621757"
}

%%%%%%%%%%%%%%%%%%%%%%%%%%%%%%%%%%%%%%%%%%%%%%%
@article{Jayaraman2007,
  author  = {Balaji Jayaraman and Siddharth Thakur and ThakurWei Shyy}, 
  title   = {Modeling of Fluid Dynamics and Heat Transfer Induced by Dielectric Barrier Plasma Actuator},
  journal = {Journal of Heat Transfer},
  year    = {2007},
  number  = {4},
  pages   = {517-525},
  month   = {April},
  note    = {}, 
  volume  = {129},
  doi = {10.1115/1.2709659}
}

%%%%%%%%%%%%%%%%%%%%%%%%%%%%%%%%%%%%%%%%%%%%%%%

@book{Loeb1939,
  title={Fundamental Processes of Electrical Discharge in Gases},
  author={Leonard B. Loeb},
  lccn={lc40000868},
  url={https://books.google.com.ar/books?id=m3LPAAAAMAAJ},
  year={1939},
  publisher={John Wiley \& Sons}
}


%%%%%%%%%%%%%%%%%%%%%%%%%%%%%%%%%%%%%%%%%%%%%%%

@Article{dadamo2017,
  Title                    = {Circular Cylinder Drag Reduction By Three-Electrode Plasma Symmetric Forcing},
  Author                   = {D'Adamo, J. and Leonardo, L. and Castro Hebrero, F. and Sosa, R. and Duriez, T. and Artana, G.},
  Journal                  = {Journal of Fluids Engineering Published Monyhly by ASME},
  Year                     = {2017},
  Month                    = {June},
  Number                   = {6},
  Pages                    = {061202-1/14},
  Volume                   = {139},
  Doi                      = {10.1115/1.4035947}
}


%%%%%%%%%%%%%%%%%%%%%%%%%%%%%%%%%%%%%%%%%%%%%%%

@Article{Williamson1996,
  Title                    = {Vortex Dynamics in the Cylinder Wake},
  Author                   = {Williamson, C. H. K.},
  Journal                  = {Annual Review of Fluid Mechanics },
  Year                     = {1996},
  Month                    = {},
  volume                   = {28},
  number                   = {1},
  Pages                    = {477-539},
doi = {10.1146/annurev.fl.28.010196.002401}
}

%%%%%%%%%%%%%%%%%%%%%%%%%%%%%%%%%%%%%%%%%%%%%%%

@Article{Fey98,
  Title                    = {A new Strouhal Reynolds number relationship for the circular cylinder in the range $47 < \text{Re} < 2 \cdot 10^5$},
  Author                   = {Uwe Fey and Michael Konig and Helmut Eckelmann},
  Journal                  = {Physics of Fluids},
  Year                     = {1998},
  Month                    = {July},
  Number                   = {7},
  Pages                    = {1547-1549},
  Volume                   = {10},
  Doi                      = {10.1063/1.869675}
}

%%%%%%%%%%%%%%%%%%%%%%%%%%%%%%%%%%%%%%%%%%%%%%%

@book{Blevins1990,
  author    = {Robert D. Blevins}, 
  title     = {Flow-induced Vibration},
  publisher = {Kreiger Publisher Company},
  year      = {1990},
  volume    = {},
  series    = {},
  address   = {},
  edition   = {2nd ed},
  month     = {},
  note      = {},
  isbn      = {1-57524-183-8}
}

%%%%%%%%%%%%%%%%%%%%%%%%%%%%%%%%%%%%%%%%%%%%%%%

@article{Willden2006,
  author  = {R. H. J. Willden and J. M. R. Graham}, 
  title   = {Three distinct response regimes for the transverse Vortex-Induced Vibrations of circular cylinders at low Reynolds numbers},
  journal = {Journal of Fluids and Structures},
  year    = {2006},
  number  = {6-7},
  pages   = {885-895},
  month   = {August-October},
  doi    = {https://doi.org/10.1016/j.jfluidstructs.2006.04.005}, 
  volume  = {22}
}

%%%%%%%%%%%%%%%%%%%%%%%%%%%%%%%%%%%%%%%%%%%%%%%

@Article{kaiser2014,
  Title                    = {Cluster-based reduced-order modelling of a mixing layer},
  Author                   = {Kaiser, E. and Noack, B. and Cordier, L. and Spohn, A. and Segond, M. and Abel, M. and Daviller, G. and Osth, J. and Krajnovic S. and Niven R. K.},
  Journal                  = {Journal of Fluid Mechanics},
  Year                     = {2014},
  Number                   = {9},
  Pages                    = {365-414},
  Volume                   = {754},
  Doi                      = {https://doi.org/10.1017/jfm.2014.355}
}

%%%%%%%%%%%%%%%%%%%%%%%%%%%%%%%%%%%%%%%%%%%%%%%
@article{Artana2003,
  author  = {G. Artana and R. Sosa and E. Moreau and G. Touchard}, 
  title   = {Control of the near-wake flow around a circular cylinder with electrohydrodynamic actuators},
  journal = {Experiments in Fluids},
  year    = {2003},
  number  = {6},
  pages   = {580-588},
  month   = {October},
  note    = {}, 
  volume  = {35},
  doi     = {https://doi.org/10.1007/s00348-003-0704-z}
}

%%%%%%%%%%%%%%%%%%%%%%%%%%%%%%%%%%%%%%%%%%%%%%%
@article{Munska2005,
  author  = {Matthew D. Munska and Thomas E. McLaughlin}, 
  title   = {Circular Cylinder Flow Control Using Plasma Actuators},
  journal = {43rd AIAA Aerospace Sciences Meeting and Exhibit, Aerospace Sciences Meetings},
  year    = {2005},
  number  = {},
  pages   = {},
  month   = {},
  note    = {Aerospace Sciences Meetings, 10 - 13 January 2005, Reno, Nevada}, 
  volume  = {AIAA 2005-141},
  doi     = {https://doi.org/10.2514/6.2005-141}
}

%%%%%%%%%%%%%%%%%%%%%%%%%%%%%%%%%%%%%%%%%%%%%%%

@ARTICLE{Jauvtis2004,
	AUTHOR       = "Jauvtis, N. and Williamson, C. H. K.",
	TITLE        = "The effect of two degrees of freedom on vortex-induced vibration at low mass and damping",
	JOURNAL      = "Journal of Fluid Mechanics",
	YEAR         = "2004",
	VOLUME       = "",
	NUMBER       = "509",
	PAGES        = "23-62",
	MONTH        = "June",
	NOTE         = "",
	DOI = "10.1017/S0022112004008778",
}

%%%%%%%%%%%%%%%%%%%%%%%%%%%%%%%%%%%%%%%%%%%%%%%

@article{Choi2008,
author = {Choi, Haecheon and Jeon, Woo-Pyung and Kim, Jinsung},
title = {Control of Flow Over a Bluff Body},
journal = {Annual Review of Fluid Mechanics},
volume = {40},
number = {1},
pages = {113-139},
year = {2008},
doi = {10.1146/annurev.fluid.39.050905.110149},
URL = {https://doi.org/10.1146/annurev.fluid.39.050905.110149},
eprint = {https://doi.org/10.1146/annurev.fluid.39.050905.110149}
}

%%%%%%%%%%%%%%%%%%%%%%%%%%%%%%%%%%%%%%%%%%%%%%%

@article{Cattafesta2011,
author = {Cattafesta, Louis N. and Sheplak, Mark},
title = {Actuators for Active Flow Control},
journal = {Annual Review of Fluid Mechanics},
volume = {43},
number = {1},
pages = {247-272},
year = {2011},
doi = {10.1146/annurev-fluid-122109-160634},
URL = {https://doi.org/10.1146/annurev-fluid-122109-160634},
eprint = {https://doi.org/10.1146/annurev-fluid-122109-160634}
}

%%%%%%%%%%%%%%%%%%%%%%%%%%%%%%%%%%%%%%%%%%%%%%%

@book{Gad2000, 
place={Cambridge}, 
title={Flow Control: Passive, Active, and Reactive Flow Management}, DOI={10.1017/CBO9780511529535}, 
publisher={Cambridge University Press}, 
author={Gad-el-Hak, Mohamed}, year={2000}
}